%---------information we need for a book
%author
%year of publication
%title of book
%edition
%publisher
%place of publication

%---------information we need for a paper/article
%author
%year of publication
%month (optional)
%title
%publisher/journal

@online{WIFIStandard,
  title = {IEE802.11ac},
  url = {https://en.wikipedia.org/wiki/IEEE_802.11ac},
  urldate = {2016-02-14}
}

@online{FFmpeg,
  title = {FFmpeg},
  url = {https://www.ffmpeg.org/},
  urldate = {2016-02-14}
}

@online{AndroidMediaCodec,
  title = {Android MediaCodec Api},
  url = {http://developer.android.com/reference/android/media/MediaCodec.html},
  urldate = {2016-02-14}
}


%%%%%%%%%%%%%%%%%%%%%%%%%%%%%%%%%%%%%% above comment, old entries